@ARTICLE{Gao,  author={S. {Gao} and T. {Yu} and J. {Zhu} and W. {Cai}},  journal={China Communications},   title={T-PBFT: An EigenTrust-based practical Byzantine fault tolerance consensus algorithm},   year={2019},  volume={16},  number={12},  pages={111-123},}